<?xml version="1.0" encoding="UTF-8"?><collection xmlns="http://www.loc.gov/MARC21/slim"><record><leader>00523nam--2200169-i-4500</leader><controlfield tag="001">000015257</controlfield><controlfield tag="002">20161230</controlfield><controlfield tag="005">20161230201031</controlfield><controlfield tag="008">060222s1000------------r-----000-0-eng-d</controlfield><datafield ind1=" " ind2=" " tag="040"><subfield code="a">IFIN-HH</subfield></datafield><datafield ind1=" " ind2=" " tag="080"><subfield code="a">575(043):539.12.047(043)</subfield></datafield><datafield ind1="1" ind2=" " tag="100"><subfield code="a">Bredberg Andres</subfield></datafield><datafield ind1="1" ind2="0" tag="245"><subfield code="a">Genetic toxicity of psoralen and ultraviolet radiation in human cells</subfield><subfield code="c">Andres bredberg</subfield></datafield><datafield ind1=" " ind2=" " tag="260"><subfield code="a">Stockholm</subfield><subfield code="b">Department Of Clinical Genetics, Karalinska</subfield><subfield code="c">1982</subfield></datafield><datafield ind1=" " ind2=" " tag="300"><subfield code="a">/PAG.DIF.</subfield></datafield><datafield ind1=" " ind2=" " tag="852"><subfield code="a">71559</subfield><subfield code="c">539.12.04</subfield></datafield><datafield ind1=" " ind2=" " tag="CAT"><subfield code="a">Sys</subfield><subfield code="c">20120221</subfield><subfield code="h">170306</subfield></datafield></record></collection>